<record><leader>00000cas a22000007a 4500</leader><controlfield tag="001">20614911</controlfield><controlfield tag="008">891108d188318uundudr ne      0    0eng d</controlfield><datafield ind1=" " ind2=" " tag="010"><subfield code="a">sn 89074353 </subfield></datafield><datafield ind1=" " ind2=" " tag="040"><subfield code="a">NOP</subfield><subfield code="b">eng</subfield><subfield code="c">NOP</subfield><subfield code="d">OCLCQ</subfield></datafield><datafield ind1=" " ind2=" " tag="042"><subfield code="a">msc</subfield></datafield><datafield ind1="0" ind2=" " tag="130"><subfield code="a">Daily advertiser (Bismarck, N.D.)</subfield></datafield><datafield ind1="1" ind2="0" tag="245"><subfield code="a">Daily advertiser.</subfield></datafield><datafield ind1=" " ind2=" " tag="260"><subfield code="a">Bismarck, D.T. [N.D.] :</subfield><subfield code="b">Palmer &amp; La Shelle</subfield></datafield><datafield ind1=" " ind2=" " tag="300"><subfield code="a">v. :</subfield><subfield code="b">ill. ;</subfield><subfield code="c">40-65 cm.</subfield></datafield><datafield ind1=" " ind2=" " tag="310"><subfield code="a">Daily</subfield></datafield><datafield ind1="1" ind2=" " tag="362"><subfield code="a">Began in 1883.</subfield></datafield><datafield ind1=" " ind2=" " tag="515"><subfield code="a">Published Bismarck and Mandan, June 21, 1883-</subfield></datafield><datafield ind1=" " ind2=" " tag="530"><subfield code="a">Available on microfilm from the State Historical Society of North Dakota.</subfield></datafield><datafield ind1=" " ind2=" " tag="588"><subfield code="a">Description based on: Vol. 1, no. 19 (Ap. 14, 1883).</subfield></datafield><datafield ind1=" " ind2=" " tag="752"><subfield code="a">United States</subfield><subfield code="b">North Dakota</subfield><subfield code="c">Burleigh</subfield><subfield code="d">Bismarck.</subfield></datafield><datafield ind1=" " ind2=" " tag="752"><subfield code="a">United States</subfield><subfield code="b">North Dakota</subfield><subfield code="c">Morton</subfield><subfield code="d">Mandan.</subfield></datafield></record>